@inproceedings{Cresci:2017:PSS:3041021.3055135,
 author = {Cresci, Stefano and Di Pietro, Roberto and Petrocchi, Marinella and Spognardi, Angelo and Tesconi, Maurizio},
 title = {The Paradigm-Shift of Social Spambots: Evidence, Theories, and Tools for the Arms Race},
 booktitle = {Proceedings of the 26th International Conference on World Wide Web Companion},
 series = {WWW '17 Companion},
 year = {2017},
 isbn = {978-1-4503-4914-7},
 location = {Perth, Australia},
 pages = {963--972},
 numpages = {10},
 url = {https://doi.org/10.1145/3041021.3055135},
 doi = {10.1145/3041021.3055135},
 acmid = {3055135},
 publisher = {International World Wide Web Conferences Steering Committee}
} 